@article{clanuwat2018deep,
	title = {Deep learning for classical {Japanese} literature},
	author = {Clanuwat, Tarin and Bober-Irizar, Mikel and Kitamoto, Asanobu and Lamb, Alex and Yamamoto, Kazuaki and Ha, David},
	year = {2018},
	journal = {ArXiv preprint},
	volume = {abs/1812.01718},
	url = {https://arxiv.org/abs/1812.01718}
}

@inproceedings{dahl2013improving,
	title = {Improving deep neural networks for {LVCSR} using rectified linear units and dropout},
	author = {Dahl, George E. and Sainath, Tara N. and Hinton, Geoffrey E.},
	year = {2013},
	booktitle = {2013 IEEE International Conference on Acoustics, Speech and Signal Processing},
	publisher = {IEEE},
	pages = {8609--8613},
	doi = {10.1109/icassp.2013.6639346},
	url = {https://doi.org/10.1109/icassp.2013.6639346},
	organization = {IEEE},
	source = {Crossref}
}

@article{elfwing2018sigmoid,
	title = {Sigmoid-weighted linear units for neural network function approximation in reinforcement learning},
	author = {Elfwing, Stefan and Uchibe, Eiji and Doya, Kenji},
	year = {2018},
	journal = {Neural Networks},
	publisher = {Elsevier BV},
	volume = {107},
	pages = {3--11},
	doi = {10.1016/j.neunet.2017.12.012},
	issn = {0893-6080},
	url = {https://doi.org/10.1016/j.neunet.2017.12.012},
	source = {Crossref}
}

@article{lecun2010mnist,
	title = {{MNIST} handwritten digit database},
	author = {LeCun, Yann and Cortes, Corinna and Burges, CJ},
	year = {2010}
}

@inproceedings{sandler2018mobilenetv2,
	title = {MobileNetV2: Inverted Residuals and Linear Bottlenecks},
	author = {Mark Sandler and Andrew G. Howard and Menglong Zhu and Andrey Zhmoginov and Liang{-}Chieh Chen},
	year = {2018},
	booktitle = {2018 {IEEE} Conference on Computer Vision and Pattern Recognition, {CVPR} 2018, Salt Lake City, UT, USA, June 18-22, 2018},
	publisher = {{IEEE} Computer Society},
	pages = {4510--4520},
	doi = {10.1109/CVPR.2018.00474},
	url = {http://openaccess.thecvf.com/content\_cvpr\_2018/html/Sandler\_MobileNetV2\_Inverted\_Residuals\_CVPR\_2018\_paper.html},
	bibsource = {dblp computer science bibliography, https://dblp.org},
	biburl = {https://dblp.org/rec/conf/cvpr/SandlerHZZC18.bib},
	timestamp = {Tue, 12 Jan 2021 00:00:00 +0100}
}

@article{xiao2017fashion,
	title = {Fashion-mnist: {A} novel image dataset for benchmarking machine learning algorithms},
	author = {Xiao, Han and Rasul, Kashif and Vollgraf, Roland},
	year = {2017},
	journal = {ArXiv preprint},
	volume = {abs/1708.07747},
	url = {https://arxiv.org/abs/1708.07747}
}

@inproceedings{yadav2019cold,
	title = {Cold Case: The Lost {MNIST} Digits},
	author = {Chhavi Yadav and L{\'{e}}on Bottou},
	year = {2019},
	booktitle = {Advances in Neural Information Processing Systems 32: Annual Conference on Neural Information Processing Systems 2019, NeurIPS 2019, December 8-14, 2019, Vancouver, BC, Canada},
	pages = {13443--13452},
	url = {https://proceedings.neurips.cc/paper/2019/hash/51c68dc084cb0b8467eafad1330bce66-Abstract.html},
	bibsource = {dblp computer science bibliography, https://dblp.org},
	biburl = {https://dblp.org/rec/conf/nips/YadavB19.bib},
	editor = {Hanna M. Wallach and Hugo Larochelle and Alina Beygelzimer and Florence d'Alch{\'{e}}{-}Buc and Emily B. Fox and Roman Garnett},
	timestamp = {Thu, 21 Jan 2021 00:00:00 +0100}
}
