@book{lewine1991posix,
 author = {Lewine, Donald},
 publisher = {" O'Reilly Media, Inc."},
 title = {POSIX programmers guide},
 year = {1991}
}

@misc{stallman1992gnu,
 author = {Stallman, Richard and others},
 title = {GNU coding standards},
 year = {1992}
}
