@article{boettiger2015introduction,
	title={An introduction to Docker for reproducible research},
	author={Boettiger, Carl},
	journal={ACM SIGOPS Operating Systems Review},
	volume={49},
	number={1},
	pages={71--79},
	year={2015},
	publisher={ACM New York, NY, USA}
}

@article{merkel2014docker,
	title={Docker: lightweight linux containers for consistent development and deployment},
	author={Merkel, Dirk},
	journal={Linux journal},
	volume={2014},
	number={239},
	pages={2},
	year={2014}
}

@book{lamport1994latex,
	title={LATEX: a document preparation system: user's guide and reference manual},
	author={Lamport, Leslie},
	year={1994},
	publisher={Addison-wesley}
}

@inproceedings{van2007python,
	title={Python Programming Language.},
	author={Van Rossum, Guido and others},
	booktitle={USENIX annual technical conference},
	volume={41},
	pages={36},
	year={2007}
}

@article{ihaka1996r,
	title={R: a language for data analysis and graphics},
	author={Ihaka, Ross and Gentleman, Robert},
	journal={Journal of computational and graphical statistics},
	volume={5},
	number={3},
	pages={299--314},
	year={1996},
	publisher={Taylor \& Francis Group}
}

@article{bezanson2017julia,
	title={Julia: A fresh approach to numerical computing},
	author={Bezanson, Jeff and Edelman, Alan and Karpinski, Stefan and Shah, Viral B},
	journal={SIAM review},
	volume={59},
	number={1},
	pages={65--98},
	year={2017},
	publisher={SIAM}
}

@article{hurlin2019reproducibility,
	title={Reproducibility Certification in Economics Research},
	author={Hurlin, Christophe and Perignon, Christophe},
	journal={Available at SSRN 3418896},
	year={2019}
}

@article{nust2019containerit,
	title={containerit: Generating Dockerfiles for reproducible research with R},
	author={N{\"u}st, Daniel and Hinz, Matthias},
	journal={Journal of Open Source Software},
	volume={4},
	number={40},
	pages={1603},
	year={2019}
}

